<record><leader>00000cas a2200000 a 4500</leader><controlfield tag="001">22869162</controlfield><controlfield tag="008">901218d19221990iluwr ne      0    0eng c</controlfield><datafield ind1=" " ind2=" " tag="010"><subfield code="a">sn 90054142 </subfield></datafield><datafield ind1=" " ind2=" " tag="040"><subfield code="a">NVF</subfield><subfield code="b">eng</subfield><subfield code="c">NVF</subfield><subfield code="d">NVF</subfield><subfield code="d">OCLCQ</subfield><subfield code="d">OCLCF</subfield><subfield code="d">OCLCO</subfield></datafield><datafield ind1="1" ind2=" " tag="029"><subfield code="a">AU@</subfield><subfield code="b">000020630699</subfield></datafield><datafield ind1=" " ind2=" " tag="042"><subfield code="a">pcc</subfield></datafield><datafield ind1=" " ind2=" " tag="043"><subfield code="a">n-us-il</subfield></datafield><datafield ind1="0" ind2="4" tag="245"><subfield code="a">The Fairbury blade.</subfield></datafield><datafield ind1=" " ind2=" " tag="260"><subfield code="a">Fairbury, Ill. :</subfield><subfield code="b">Sutton &amp; Patterson,</subfield><subfield code="c">1922-1990.</subfield></datafield><datafield ind1=" " ind2=" " tag="300"><subfield code="a">v.</subfield></datafield><datafield ind1=" " ind2=" " tag="310"><subfield code="a">Weekly</subfield></datafield><datafield ind1="0" ind2=" " tag="362"><subfield code="a">54th year, no. 38 (Mar. 31, 1922)-v. 118, no. 39 (Mar. 28, 1990).</subfield></datafield><datafield ind1=" " ind2=" " tag="580"><subfield code="a">Merged with: Forrest news, to form: Blade (Fairbury, Ill. : 1990).</subfield></datafield><datafield ind1=" " ind2="0" tag="651"><subfield code="a">Fairbury (Ill.)</subfield><subfield code="v">Newspapers.</subfield></datafield><datafield ind1=" " ind2="7" tag="655"><subfield code="a">Newspapers.</subfield><subfield code="2">fast</subfield><subfield code="0">(OCoLC)fst01423814</subfield></datafield><datafield ind1=" " ind2="7" tag="651"><subfield code="a">Illinois</subfield><subfield code="z">Fairbury.</subfield><subfield code="2">fast</subfield><subfield code="0">(OCoLC)fst01226531</subfield></datafield><datafield ind1=" " ind2=" " tag="752"><subfield code="a">United States</subfield><subfield code="b">Illinois</subfield><subfield code="c">Livingston</subfield><subfield code="d">Fairbury.</subfield></datafield><datafield ind1="0" ind2=" " tag="777"><subfield code="t">Livingston citizen</subfield><subfield code="w">(DLC)  2010271310</subfield><subfield code="w">(OCoLC)602022112</subfield></datafield><datafield ind1="0" ind2="0" tag="780"><subfield code="t">Blade (Fairbury, Ill. : Weekly)</subfield><subfield code="w">(DLC)sn 90054141</subfield><subfield code="w">(OCoLC)22869051</subfield></datafield><datafield ind1="1" ind2="7" tag="785"><subfield code="t">Forrest news</subfield><subfield code="w">(DLC)sn 90054625</subfield><subfield code="w">(OCoLC)22572032</subfield></datafield><datafield ind1="1" ind2="7" tag="785"><subfield code="t">Blade (Fairbury, Ill. : 1990)</subfield><subfield code="w">(DLC)sn 93055961</subfield><subfield code="w">(OCoLC)28716916</subfield></datafield></record>